@Book{Russel:09,
  author = 	 {S. Russel and P. Norvig},
  title = 	 {Artificial intelligence: A modern approach},
  publisher = 	 {Prentice Hall},
  year = 	 {2009},
  edition = 	 {3th}
}

